
@article {sperry1998,
author = {Sperry, J. S. and Adler, F. R. and Campbell, G. S. and Comstock, J. P.},
title = {Limitation of plant water use by rhizosphere and xylem conductance: results from a model},
journal = {Plant Cell Environment},
volume = {21},
number = {4},
publisher = {Blackwell Publishing Ltd},
issn = {1365-3040},
url = {http://dx.doi.org/10.1046/j.1365-3040.1998.00287.x},
doi = {10.1046/j.1365-3040.1998.00287.x},
pages = {347-359},
keywords = {drought responses, hydraulic conductance, rhizosphere conductance, root–shoot ratio, soil–root interface, water relations, water transport, xylem cavitation},
year = {1998},
}

